

@article{AC,
author = {Ai, Chunrong and Chen, Xiaohong},
title = {Efficient Estimation of Models with Conditional Moment Restrictions Containing Unknown Functions},
journal = {Econometrica},
volume = {71},
number = {6},
pages = {1795-1843},
doi = {https://doi.org/10.1111/1468-0262.00470},
url = {https://onlinelibrary.wiley.com/doi/abs/10.1111/1468-0262.00470},
year = {2003}
}


@article{BBL,
    author = {Banks, James and Blundell, Richard and Lewbel, Arthur},
    title = "{Quadratic Engel Curves and Consumer Demand}",
    journal = {The Review of Economics and Statistics},
    volume = {79},
    number = {4},
    pages = {527--539},
    year = {1997},
    doi = {10.1162/003465397557015}
}


@article{BCCK,
  title={Some new asymptotic theory for least squares series: Pointwise and uniform results},
  author={Belloni, Alexandre and Chernozhukov, Victor and Chetverikov, Denis and Kato, Kengo},
  journal={Journal of Econometrics},
  volume={186},
  number={2},
  pages={345--366},
  year={2015},
  publisher={Elsevier},
  doi = {https://doi.org/10.1016/j.jeconom.2015.02.014}
}

@article{BerryHaile2014,
author = {Berry, Steven T. and Haile, Philip A.},
title = {Identification in Differentiated Products Markets Using Market Level Data},
journal = {Econometrica},
volume = {82},
number = {5},
pages = {1749-1797},
keywords = {Nonparametric identification, discrete choice models, differentiated products oligopoly, simultaneous equations models},
doi = {https://doi.org/10.3982/ECTA9027},
url = {https://onlinelibrary.wiley.com/doi/abs/10.3982/ECTA9027},
year = {2014}
}


@article{BBC,
 URL = {http://www.jstor.org/stable/3082045},
 author = {Richard W. Blundell and Martin Browning and Ian A. Crawford},
 journal = {Econometrica},
 number = {1},
 pages = {205--240},
 publisher = {[Wiley, Econometric Society]},
 title = {Nonparametric Engel Curves and Revealed Preference},
 urldate = {2022-11-11},
 volume = {71},
 year = {2003}
}

@article{BHP,
  author = {Richard Blundell and Joel Horowitz and Matthias Parey},
  title = {Nonparametric Estimation of a Nonseparable Demand Function under the Slutsky Inequality Restriction},
  volume = {99},
  journal = {The Review of Economics and Statistics},
  number = {2},
  pages = {291--304},
  year = {2017}
}

@article{BCK,
  title={Semi-nonparametric {IV} estimation of shape-invariant {E}ngel curves},
  author={Blundell, Richard and Chen, Xiaohong and Kristensen, Dennis},
  journal={Econometrica},
  volume={75},
  number={6},
  pages={1613--1669},
  year={2007},
  publisher={Wiley Online Library},
  doi = {https://doi.org/10.1111/j.1468-0262.2007.00808.x}
}

@article{CM,
Author = {Chai, Andreas and Moneta, Alessio},
Title = {Retrospectives: Engel Curves},
Journal = {Journal of Economic Perspectives},
Volume = {24},
Number = {1},
Year = {2010},
Pages = {225-40},
DOI = {10.1257/jep.24.1.225},
URL = {https://www.aeaweb.org/articles?id=10.1257/jep.24.1.225}
}


@article{CC15Reg,
  title={Optimal uniform convergence rates and asymptotic normality for series estimators under weak dependence and weak conditions},
  author={Chen, Xiaohong and Christensen, Timothy M},
  journal={Journal of Econometrics},
  volume={188},
  number={2},
  pages={447--465},
  year={2015},
  publisher={Elsevier},
  doi = {https://doi.org/10.1016/j.jeconom.2015.03.010}
}


@article{CCQE,
author = {Chen, Xiaohong and Christensen, Timothy M.},
title = {Optimal sup-norm rates and uniform inference on nonlinear functionals of nonparametric IV regression},
journal = {Quantitative Economics},
volume = {9},
number = {1},
pages = {39-84},
keywords = {Series two-stage least squares, optimal sup-norm convergence rates, uniform Gaussian process strong approximation, score bootstrap uniform confidence bands, nonlinear welfare functionals, nonparametric demand with endogeneity, C13, C14, C36},
doi = {https://doi.org/10.3982/QE722},
eprint = {https://onlinelibrary.wiley.com/doi/pdf/10.3982/QE722},
year = {2018}
}


@article{CCK,
 title = "{Adaptive Estimation and Uniform Confidence Bands for Nonparametric Structural Functions and Elasticities}",
 author = "Xiaohong Chen and Timothy Christensen and Sid Kankanala",
 year = "2021",
 journal = "arXiv preprint arXiv:2107.11869 [econ.EM]",
 url = "https://arxiv.org/abs/2107.11869"
}


@Manual{CRS,
  title  = {\pkg{crs}: Categorical Regression Splines},
  author = {Jeffrey S. Racine and Zhenghua Nie and Brian D. Ripley},
  year   = {2022},
  note   = {\proglang{R}~package version~0.15-36},
  url    = {https://CRAN.R-project.org/package=crs},
}


@techreport{grettonRL2021,
      title={On Instrumental Variable Regression for Deep Offline Policy Evaluation}, 
      author={Yutian Chen and Liyuan Xu and Caglar Gulcehre and Tom Le Paine and Arthur Gretton and Nando de Freitas and Arnaud Doucet},
      year={2021},
      type={arXiv:2105.10148 [cs.LG]}
}


@techreport{causalML,
      title={Causal Machine Learning: A Survey and Open Problems}, 
      author={Jean Kaddour and Aengus Lynch and Qi Liu and Matt J. Kusner and Ricardo Silva},
      year={2022},
      type={arXiv:2206.15475 [cs.LG]}
}


@Manual{IVREG,
  title  = {\pkg{ivreg}: Instrumental-Variables Regression by `2SLS', `2SM', or `2SMM', with Diagnostics
},
  author = {John Fox and Christian Kleiber and Achim Zeileis and Nikolas Kuschnig},
  year   = {2021},
  note   = {\proglang{R}~package version~0.6-1},
  url    = {https://CRAN.R-project.org/package=ivreg},
}



@article{WangZhiTT2018,
    author = {Miao, Wang and Geng, Zhi and Tchetgen Tchetgen, Eric J},
    title = "{Identifying causal effects with proxy variables of an unmeasured confounder}",
    journal = {Biometrika},
    volume = {105},
    number = {4},
    pages = {987-993},
    year = {2018},
    issn = {0006-3444},
    doi = {10.1093/biomet/asy038},
    url = {https://doi.org/10.1093/biomet/asy038},
    eprint = {https://academic.oup.com/biomet/article-pdf/105/4/987/27121264/asy038.pdf},
}


@article{NP,
author = {Newey, Whitney K. and Powell, James L.},
title = {Instrumental Variable Estimation of Nonparametric Models},
journal = {Econometrica},
volume = {71},
number = {5},
pages = {1565-1578},
doi = {https://doi.org/10.1111/1468-0262.00459},
url = {https://onlinelibrary.wiley.com/doi/abs/10.1111/1468-0262.00459},
year = {2003}
}
